<record><leader>00000cas a2200000 a 4500</leader><controlfield tag="001">14115903</controlfield><controlfield tag="008">860820d18891918kyuir ne      0   a0eng c</controlfield><datafield ind1=" " ind2=" " tag="010"><subfield code="a">sn 86069395 </subfield></datafield><datafield ind1=" " ind2=" " tag="040"><subfield code="a">KNP</subfield><subfield code="b">eng</subfield><subfield code="c">KNP</subfield><subfield code="d">OCL</subfield><subfield code="d">OCLCQ</subfield><subfield code="d">NVF</subfield><subfield code="d">DLC</subfield><subfield code="d">OCLCQ</subfield><subfield code="d">DLC</subfield><subfield code="d">OCLCF</subfield><subfield code="d">OCLCO</subfield></datafield><datafield ind1="1" ind2=" " tag="022"><subfield code="a">1941-9996</subfield><subfield code="l">1941-9996</subfield><subfield code="2">1</subfield></datafield><datafield ind1="1" ind2=" " tag="029"><subfield code="a">AU@</subfield><subfield code="b">000025824629</subfield></datafield><datafield ind1="1" ind2=" " tag="029"><subfield code="a">NZ1</subfield><subfield code="b">16070422</subfield></datafield><datafield ind1=" " ind2=" " tag="042"><subfield code="a">pcc</subfield><subfield code="a">nsdp</subfield></datafield><datafield ind1=" " ind2=" " tag="043"><subfield code="a">n-us-ky</subfield></datafield><datafield ind1="0" ind2="0" tag="050"><subfield code="a">Newspaper</subfield></datafield><datafield ind1=" " ind2="0" tag="222"><subfield code="a">Hopkinsville Kentuckian</subfield></datafield><datafield ind1="0" ind2="0" tag="245"><subfield code="a">Hopkinsville Kentuckian.</subfield></datafield><datafield ind1=" " ind2=" " tag="260"><subfield code="a">Hopkinsville, Ky. :</subfield><subfield code="b">Chas. M. Meacham,</subfield><subfield code="c">1889-1918.</subfield></datafield><datafield ind1=" " ind2=" " tag="300"><subfield code="a">v. :</subfield><subfield code="b">ill.</subfield></datafield><datafield ind1=" " ind2=" " tag="310"><subfield code="a">Three times a week</subfield></datafield><datafield ind1=" " ind2=" " tag="321"><subfield code="a">Semiweekly</subfield></datafield><datafield ind1="0" ind2=" " tag="362"><subfield code="a">Vol. 11, no. 4 (Jan. 11, 1889)-v. 40, no. 29 (Mar. 7, 1918).</subfield></datafield><datafield ind1=" " ind2=" " tag="530"><subfield code="a">Archived issues are available in digital format from the Library of Congress Chronicling America online collection.</subfield></datafield><datafield ind1=" " ind2=" " tag="580"><subfield code="a">Daily ed.: Daily Kentuckian (Hopkinsville, Ky. : 1898), 1898.</subfield></datafield><datafield ind1=" " ind2="0" tag="651"><subfield code="a">Christian County (Ky.)</subfield><subfield code="v">Newspapers.</subfield></datafield><datafield ind1=" " ind2="0" tag="651"><subfield code="a">Hopkinsville (Ky.)</subfield><subfield code="v">Newspapers.</subfield></datafield><datafield ind1=" " ind2="7" tag="655"><subfield code="a">Newspapers.</subfield><subfield code="2">fast</subfield><subfield code="0">(OCoLC)fst01423814</subfield></datafield><datafield ind1=" " ind2="7" tag="651"><subfield code="a">Kentucky</subfield><subfield code="z">Christian County.</subfield><subfield code="2">fast</subfield><subfield code="0">(OCoLC)fst01206905</subfield></datafield><datafield ind1=" " ind2="7" tag="651"><subfield code="a">Kentucky</subfield><subfield code="z">Hopkinsville.</subfield><subfield code="2">fast</subfield><subfield code="0">(OCoLC)fst01218845</subfield></datafield><datafield ind1=" " ind2=" " tag="752"><subfield code="a">United States</subfield><subfield code="b">Kentucky</subfield><subfield code="c">Christian</subfield><subfield code="d">Hopkinsville.</subfield></datafield><datafield ind1="1" ind2=" " tag="775"><subfield code="t">Daily Kentuckian (Hopkinsville, Ky. : 1898)</subfield><subfield code="x">2151-4453</subfield><subfield code="w">(DLC)sn 86069396</subfield><subfield code="w">(OCoLC)14115800</subfield></datafield><datafield ind1="0" ind2="0" tag="780"><subfield code="t">Semi-weekly south Kentuckian</subfield><subfield code="w">(DLC)sn 86069394</subfield></datafield><datafield ind1="0" ind2="0" tag="785"><subfield code="t">Daily Kentuckian (Hopkinsville, Ky. : 1918)</subfield><subfield code="x">2326-6244</subfield><subfield code="w">(DLC)sn 86069397</subfield><subfield code="w">(OCoLC)14119528</subfield></datafield><datafield ind1=" " ind2=" " tag="850"><subfield code="a">DLC</subfield></datafield><datafield ind1="4" ind2="1" tag="856"><subfield code="u">http://www.loc.gov/chroniclingamerica/lccn/sn86069395/issues</subfield></datafield></record>